% This file was created with JabRef 2.10b2.
% Encoding: UTF-8


@InProceedings{Clair2010,
  Title                    = {Monitoring and Guiding User Attention and Intention in Human-Robot Interaction},
  Author                   = {Aaron B. St. Clair, Ross Mead and Maja J. Matari{\'c}},
  Booktitle                = {2010 IEEE International Conference on Robotics and Automation Workshop on Interactive Communication for Autonomous Intelligent Robots},
  Year                     = {2010},

  Address                  = {Anchorage, Alaska},
  Month                    = {May},

  Owner                    = {mfiore},
  Timestamp                = {2016.05.03},
  Url                      = {http://robotics.usc.edu/publications/668/}
}

@article{sisbot2007human,
  title={A human aware mobile robot motion planner},
  author={Sisbot, Emrah Akin and Marin-Urias, Luis F and Alami, Rachid and Simeon, Thierry},
  journal={IEEE Transactions on Robotics},
  volume={23},
  number={5},
  pages={874--883},
  year={2007},
  publisher={IEEE}
}

@InProceedings{abowd1999towards,
  Title                    = {Towards a better understanding of context and context-awareness},
  Author                   = {Abowd, Gregory D and Dey, Anind K and Brown, Peter J and Davies, Nigel and Smith, Mark and Steggles, Pete},
  Booktitle                = {Handheld and ubiquitous computing},
  Year                     = {1999},
  Organization             = {Springer},
  Pages                    = {304--307},

  Owner                    = {mfiore},
  Timestamp                = {2016.05.03}
}

@article{kozima2007children,
  title={Children--robot interaction: a pilot study in autism therapy},
  author={Kozima, Hideki and Nakagawa, Cocoro and Yasuda, Yuriko},
  journal={Progress in Brain Research},
  volume={164},
  pages={385--400},
  year={2007},
  publisher={Elsevier}
}

@Article{Alami1998,
  Title                    = {{An Architecture for Autonomy}},
  Author                   = {Alami, R. and Chatila, R. and Fleury, S. and Ghallab, M. and Ingrand, F.},
  Journal                  = {International Journal of robotics Research, Special Issue on Integrated Architectures for Robot Control and Programming},
  Year                     = {1998},
  Number                   = {4},
  Volume                   = {17},

  Owner                    = {mfiore},
  Timestamp                = {2016.05.03}
}

@article{dietterich2000hierarchical,
  title={Hierarchical reinforcement learning with the MAXQ value function decomposition},
  author={Dietterich, Thomas G},
  journal={J. Artif. Intell. Res.(JAIR)},
  volume={13},
  pages={227--303},
  year={2000}
}

@InProceedings{Alili2008,
  Title                    = {{{HATP} Task Planner for social behavior control in Autonomous Robotic Systems for HRI}},
  Author                   = {Alili, S. and Montreuil, V. and Alami, R.},
  Booktitle                = {{The 9th International Symposium on Distributed Autonomous Robotic Systems}},
  Year                     = {2008},

  Owner                    = {mfiore},
  Timestamp                = {2016.05.03}
}

@Article{alili2009planning,
  Title                    = {{Planning and plan-execution for human-robot cooperative task achievement}},
  Author                   = {Alili, Samir and Warnier, Matthieu and Ali, Muhammad and Alami, Rachid},
  Journal                  = {Proc. of the 19th ICAPS},
  Year                     = {2009},

  Owner                    = {mfiore},
  Timestamp                = {2016.05.03}
}

@Article{Althaus2004,
  Title                    = {{Navigation for Human-Robot Interaction Tasks}},
  Author                   = {Althaus, P. and Ishiguro, H. and Kanda, T. and Miyashita, T. and Christensen, H.I.},
  Journal                  = {IEEE Int. Conf. on Robotics \& Automation, New Orleans, USA},
  Year                     = {2004},

  Owner                    = {mfiore},
  Timestamp                = {2016.05.03}
}

@InProceedings{araya2010closer,
  Title                    = {A closer look at MOMDPs},
  Author                   = {Araya-L{\'o}pez, Mauricio and Thomas, Vincent and Buffet, Olivier and Charpillet, Fran{\c{c}}ois},
  Booktitle                = {Tools with Artificial Intelligence (ICTAI), 2010 22nd IEEE International Conference on},
  Year                     = {2010},
  Organization             = {IEEE},
  Pages                    = {197--204},
  Volume                   = {2},

  Owner                    = {mfiore},
  Timestamp                = {2016.05.03}
}

@Article{ARToolkit,
  Title                    = {{Documentation and Download site}},
  Author                   = {ARToolkit},
  Journal                  = {http://www.hitl.washington.edu/artoolkit/},

  Owner                    = {mfiore},
  Timestamp                = {2016.05.03}
}

@Article{baker2009action,
  Title                    = {Action understanding as inverse planning},
  Author                   = {Baker, Chris L and Saxe, Rebecca and Tenenbaum, Joshua B},
  Journal                  = {Cognition},
  Year                     = {2009},
  Number                   = {3},
  Pages                    = {329--349},
  Volume                   = {113},

  Owner                    = {mfiore},
  Publisher                = {Elsevier},
  Timestamp                = {2016.05.03}
}

@Article{baker2014modeling,
  Title                    = {Modeling human plan recognition using Bayesian theory of mind},
  Author                   = {Baker, Chris L and Tenenbaum, Joshua B},
  Journal                  = {Plan, activity, and intent recognition: Theory and practice},
  Year                     = {2014},
  Pages                    = {177--204},

  Owner                    = {mfiore},
  Timestamp                = {2016.05.03}
}

@Article{Baron1985,
  Title                    = {Does the autistic child have a 'theory of mind'?},
  Author                   = { Baron-Cohen S, Leslie AM, Frith U},
  Journal                  = {Cognition},
  Year                     = {1985},
  Number                   = {1},
  Pages                    = {37 - 46},
  Volume                   = {21}
}

@InProceedings{beetz2015robosherlock,
  Title                    = {RoboSherlock: Unstructured information processing for robot perception},
  Author                   = {Beetz, Michael and Balint-Benczedi, Ferenc and Blodow, Nico and Nyga, Daniel and Wiedemeyer, Thiemo and Marton, Zoltan-Csaba},
  Booktitle                = {Robotics and Automation (ICRA), 2015 IEEE International Conference on},
  Year                     = {2015},
  Organization             = {IEEE},
  Pages                    = {1549--1556},

  Owner                    = {mfiore},
  Timestamp                = {2016.05.03}
}

@TechReport{Berg2004,
  Title                    = {{Roadmap-based Motion Planning in Dynamic Environments}},
  Author                   = {Berg, J. van den and Overmars, M.},
  Institution              = {Utrecht University, NL},
  Year                     = {2004},

  Owner                    = {mfiore},
  Timestamp                = {2016.05.03}
}

@Article{bernstein2002complexity,
  Title                    = {The complexity of decentralized control of Markov decision processes},
  Author                   = {Bernstein, Daniel S and Givan, Robert and Immerman, Neil and Zilberstein, Shlomo},
  Journal                  = {Mathematics of operations research},
  Year                     = {2002},
  Number                   = {4},
  Pages                    = {819--840},
  Volume                   = {27},

  Owner                    = {theworld},
  Publisher                = {INFORMS},
  Timestamp                = {2016.05.05}
}

@Article{bicho2011neuro,
  Title                    = {{Neuro-cognitive mechanisms of decision making in joint action: A human--robot interaction study}},
  Author                   = {Bicho, Estela and Erlhagen, Wolfram and Louro, Luis and {Costa e Silva}, Eliana},
  Journal                  = {Human movement science},
  Year                     = {2011},
  Number                   = {5},
  Pages                    = {846--868},
  Volume                   = {30},

  Publisher                = {Elsevier}
}

@Article{Blakemore2001,
  Title                    = {From the perception of action to the understanding of intention},
  Author                   = {Sarah-Jayne Blakemore and Jean Decety},
  Journal                  = {Nature Reviews Neuroscience 2, 561-567 (August 2001},
  Year                     = {2001},
  Pages                    = {561 - 567},
  Volume                   = {2},

  Doi                      = {http://dx.doi.org/10.1038/35086023},
  ISSN                     = {1471-003X},
  Owner                    = {mfiore},
  Timestamp                = {2016.05.03},
  Url                      = {http://www.nature.com/nrn/journal/v2/n8/suppinfo/nrn0801_561a_S1.html}
}

@InProceedings{boutilier1999sequential,
  Title                    = {Sequential optimality and coordination in multiagent systems},
  Author                   = {Boutilier, Craig},
  Booktitle                = {IJCAI},
  Year                     = {1999},
  Pages                    = {478--485},
  Volume                   = {99},

  Owner                    = {theworld},
  Timestamp                = {2016.05.05}
}

@Article{bratman2009shared,
  Title                    = {{Shared agency}},
  Author                   = {Bratman and Michael, E},
  Journal                  = {Philosophy of the social sciences: philosophical theory and scientific practice},
  Year                     = {2009},
  Pages                    = {41--59},

  Owner                    = {mfiore},
  Timestamp                = {2016.05.03}
}

@Article{Bratman1984,
  Title                    = {Two Faces of Intention},
  Author                   = { Michael Bratman},
  Journal                  = {Philosophical Review},
  Year                     = {1984},
  Pages                    = {375 - 405},
  Volume                   = {93},

  Owner                    = {mfiore},
  Timestamp                = {2016.05.03}
}

@Article{Breazeal2003,
  Title                    = {{Towards Sociable Robots}},
  Author                   = {Breazeal, C.},
  Journal                  = {Robotics and Autonomous Syst.},
  Year                     = {2003},
  Pages                    = {167--175},

  Owner                    = {mfiore},
  Timestamp                = {2016.05.03}
}

@Article{breazeal2006,
  Title                    = {{Using Perspective Taking to Learn from Ambiguous Demonstrations}},
  Author                   = {Breazeal, C. and Berlin, M. and Brooks, A. and Gray, J. and Thomaz, A.},
  Journal                  = {Robotics and Autonomous Systems},
  Year                     = {2006},
  Pages                    = {385--393},

  Owner                    = {mfiore},
  Timestamp                = {2016.05.03}
}

@Article{Breazeal2001,
  Title                    = {{Active vision for sociable robots}},
  Author                   = {Breazeal, C. and Edsinger, A. and Fitzpatrick, P. and Scassellati, B.},
  Journal                  = {IEEE Transactions on Systems, Man and Cybernetics, Part A},
  Year                     = {2001},
  Number                   = {5},
  Pages                    = {443--453},
  Volume                   = {31},

  Owner                    = {mfiore},
  Timestamp                = {2016.05.03}
}

@Article{breazeal2009embodied,
  Title                    = {An embodied cognition approach to mindreading skills for socially intelligent robots},
  Author                   = {Breazeal, Cynthia and Gray, Jesse and Berlin, Matt},
  Journal                  = {The International Journal of Robotics Research},
  Year                     = {2009},
  Number                   = {5},
  Pages                    = {656--680},
  Volume                   = {28},

  Owner                    = {mfiore},
  Publisher                = {Sage Publications},
  Timestamp                = {2016.05.03}
}

@Article{BreazealGB09,
  Title                    = {An Embodied Cognition Approach to Mindreading Skills for Socially Intelligent Robots},
  Author                   = {Cynthia Breazeal and Jesse Gray and Matt Berlin},
  Journal                  = {I. J. Robotic Res.},
  Year                     = {2009}
}

@InProceedings{breazeal2004teaching,
  Title                    = {{Teaching and working with robots as a collaboration}},
  Author                   = {Breazeal, Cynthia and Hoffman, Guy and Lockerd, Andrea},
  Booktitle                = {{Proceedings of the Third International Joint Conference on Autonomous Agents and Multiagent Systems-Volume 3}},
  Year                     = {2004},
  Organization             = {IEEE Computer Society},
  Pages                    = {1030--1037}
}

@InProceedings{briggs2011facilitating,
  Title                    = {Facilitating mental modeling in collaborative human-robot interaction through adverbial cues},
  Author                   = {Briggs, Gordon and Scheutz, Matthias},
  Booktitle                = {Proceedings of the SIGDIAL 2011 Conference},
  Year                     = {2011},
  Organization             = {Association for Computational Linguistics},
  Pages                    = {239--247},

  Owner                    = {mfiore},
  Timestamp                = {2016.05.03}
}

@Article{Bruner1981,
  Title                    = {Intention in the structure of action and interaction.},
  Author                   = { Jerome S. Bruner},
  Journal                  = {Advances in Infancy Research},
  Year                     = {1981},
  Pages                    = {41 - 56},
  Volume                   = {1},

  Owner                    = {mfiore},
  Timestamp                = {2016.05.03}
}

@Article{Brunet2000,
  Title                    = {A \{PET\} Investigation of the Attribution of Intentions with a Nonverbal Task },
  Author                   = {Eric Brunet and Yves Sarfati and Marie-Christine Hardy-Baylé and Jean Decety},
  Journal                  = {NeuroImage },
  Year                     = {2000},
  Number                   = {2},
  Pages                    = {157 - 166},
  Volume                   = {11},

  Doi                      = {http://dx.doi.org/10.1006/nimg.1999.0525},
  ISSN                     = {1053-8119},
  Owner                    = {mfiore},
  Timestamp                = {2016.05.03},
  Url                      = {http://www.sciencedirect.com/science/article/pii/S1053811999905256}
}

@Article{brusilovskiy1994construction,
  Title                    = {The construction and application of student models in intelligent tutoring systems},
  Author                   = {Brusilovskiy, PL},
  Journal                  = {Journal of computer and systems sciences international},
  Year                     = {1994},
  Number                   = {1},
  Pages                    = {70--89},
  Volume                   = {32},

  Owner                    = {theworld},
  Publisher                = {New York: Scripta Technica, 1995-},
  Timestamp                = {2016.05.06}
}

@InCollection{brusilovskiy2005,
  Title                    = {User Modeling in a Distributed E-Learning Architecture},
  Author                   = {Brusilovsky, P. and Sosnovsky, S. and Shcherbinina, O.},
  Booktitle                = {User Modeling 2005},
  Publisher                = {Springer Berlin Heidelberg},
  Year                     = {2005},
  Pages                    = {387-391},
  Series                   = {Lecture Notes in Computer Science},
  Volume                   = {3538},

  Doi                      = {10.1007/11527886_50},
  ISBN                     = {978-3-540-27885-6},
  Language                 = {English},
  Owner                    = {theworld},
  Timestamp                = {2016.05.06},
  Url                      = {http://dx.doi.org/10.1007/11527886_50}
}

@InProceedings{bueno2011autonomous,
  Title                    = {An autonomous tour guide robot in a next generation smart museum},
  Author                   = {Bueno, Diana R and Viruete, Eduardo and Montano, L},
  Booktitle                = {5th International Symposium on Ubiquitous Computing and Ambient Intelligence (UCAmI 2011)},
  Year                     = {2011},

  Owner                    = {mfiore},
  Timestamp                = {2016.05.03}
}

@InProceedings{bui2003general,
  Title                    = {A general model for online probabilistic plan recognition},
  Author                   = {Bui, Hung Hai},
  Booktitle                = {IJCAI},
  Year                     = {2003},
  Organization             = {Citeseer},
  Pages                    = {1309--1315},
  Volume                   = {3},

  Owner                    = {mfiore},
  Timestamp                = {2016.05.03}
}

@Article{burgard1999experiences,
  Title                    = {Experiences with an interactive museum tour-guide robot},
  Author                   = {Burgard, Wolfram and Cremers, Armin B and Fox, Dieter and H{\"a}hnel, Dirk and Lakemeyer, Gerhard and Schulz, Dirk and Steiner, Walter and Thrun, Sebastian},
  Journal                  = {Artificial intelligence},
  Year                     = {1999},
  Number                   = {1},
  Pages                    = {3--55},
  Volume                   = {114},

  Owner                    = {mfiore},
  Publisher                = {Elsevier},
  Timestamp                = {2016.05.03}
}

@InProceedings{Burger2008,
  Title                    = {{Multimodal Interaction Abilities for a Robot Companion}},
  Author                   = {Burger, B. and Ferrane, I. and Lerasle, F.},
  Booktitle                = {{ICVS}},
  Year                     = {2008},
  Pages                    = {549--558},

  Owner                    = {mfiore},
  Timestamp                = {2016.05.03}
}

@InProceedings{bussy2012proactive,
  Title                    = {Proactive behavior of a humanoid robot in a haptic transportation task with a human partner},
  Author                   = {Bussy, Antoine and Gergondet, Pierre and Kheddar, Abderrahmane and Keith, Fran{\c{c}}ois and Crosnier, Andr{\'e}},
  Booktitle                = {RO-MAN, 2012 IEEE},
  Year                     = {2012},
  Organization             = {IEEE},
  Pages                    = {962--967},

  Owner                    = {mfiore},
  Timestamp                = {2016.05.13}
}

@InProceedings{bussy2012human,
  Title                    = {Human-humanoid haptic joint object transportation case study},
  Author                   = {Bussy, Antoine and Kheddar, Abderrahmane and Crosnier, Andr{\'e} and Keith, Fran{\c{c}}ois},
  Booktitle                = {Intelligent Robots and Systems (IROS), 2012 IEEE/RSJ International Conference on},
  Year                     = {2012},
  Organization             = {IEEE},
  Pages                    = {3633--3638},

  Owner                    = {mfiore},
  Timestamp                = {2016.05.13}
}

@Article{byom2013theory,
  Title                    = {Theory of mind: mechanisms, methods, and new directions},
  Author                   = {Byom, Lindsey J and Mutlu, Bilge},
  Journal                  = {Frontiers in human neuroscience},
  Year                     = {2013},
  Volume                   = {7},

  Owner                    = {mfiore},
  Publisher                = {Frontiers Media SA},
  Timestamp                = {2016.05.03}
}

@Article{Call1998,
  Title                    = {Distinguishing intentional from accidental actions in orangutans (Pongo pygmaeus), chimpanzees (Pan troglodytes) and human children (Homo sapiens).},
  Author                   = {Call J, Tomasello M},
  Journal                  = {Journal of Comparative Psychology},
  Year                     = {1998},
  Number                   = {2},
  Pages                    = {192 - 206},
  Volume                   = {112},

  Owner                    = {mfiore},
  Timestamp                = {2016.05.03}
}

@InBook{Chella2010,
  Title                    = {Brain Inspired Cognitive Systems 2008},
  Author                   = {Chella, Antonio},
  Chapter                  = {A Robot Architecture Based on Higher Order Perception Loop},
  Editor                   = {Hussain, Amir and Aleksander, Igor and Smith, S. Leslie and Barros, Kardec Allan and Chrisley, Ron and Cutsuridis, Vassilis},
  Pages                    = {267--283},
  Publisher                = {Springer New York},
  Year                     = {2010},

  Address                  = {New York, NY},

  Owner                    = {mfiore},
  Timestamp                = {2016.05.03}
}

@Book{Clark1996,
  Title                    = {{Using Language}},
  Author                   = {Clark, H. H.},
  Publisher                = {Cambridge University Press},
  Year                     = {1996},

  Owner                    = {mfiore},
  Timestamp                = {2016.05.03}
}

@InProceedings{clodic2009shary,
  Title                    = {{Shary: a supervision system adapted to human-robot interaction}},
  Author                   = {Clodic, Aur{\'e}lie and Cao, Hung and Alili, Samir and Montreuil, Vincent and Alami, Rachid and Chatila, Raja},
  Booktitle                = {{Experimental Robotics}},
  Year                     = {2009},
  Organization             = {Springer},
  Pages                    = {229--238},

  Owner                    = {mfiore},
  Timestamp                = {2016.05.03}
}

@InProceedings{clodic2006rackham,
  Title                    = {{Rackham: An interactive robot-guide}},
  Author                   = {Clodic, Aur{\'e}lie and Fleury, Sara and Alami, Rachid and Chatila, Raja and Bailly, G{\'e}rard and Brethes, Ludovic and Cottret, Maxime and Danes, Patrick and Dollat, Xavier and Elise{\"\i}, Fr{\'e}d{\'e}ric and others},
  Booktitle                = {{Robot and Human Interactive Communication, 2006. ROMAN 2006. The 15th IEEE International Symposium on}},
  Year                     = {2006},
  Organization             = {IEEE},
  Pages                    = {502--509}
}

@InProceedings{clodic2007management,
  Title                    = {{A management of mutual belief for human-robot interaction}},
  Author                   = {Clodic, Aur{\'e}lie and Ransan, Maxime and Alami, Rachid and Montreuil, Vincent},
  Booktitle                = {{Systems, Man and Cybernetics, 2007. ISIC. IEEE International Conference on}},
  Year                     = {2007},
  Organization             = {IEEE},
  Pages                    = {1551--1556}
}

@Article{Cohen1991,
  Title                    = {{Teamwork}},
  Author                   = {Cohen, P. R. and Levesque, H. J.},
  Journal                  = {Nous},
  Year                     = {1991},
  Pages                    = {487--512},
  Volume                   = {25(4)},

  Owner                    = {mfiore},
  Timestamp                = {2016.05.03}
}

@InProceedings{cristani2011towards,
  Title                    = {Towards computational proxemics: Inferring social relations from interpersonal distances},
  Author                   = {Cristani, Marco and Paggetti, Giulia and Vinciarelli, Alessandro and Bazzani, Loris and Menegaz, Gloria and Murino, Vittorio},
  Booktitle                = {Privacy, Security, Risk and Trust (PASSAT) and 2011 IEEE Third Inernational Conference on Social Computing (SocialCom), 2011 IEEE Third International Conference on},
  Year                     = {2011},
  Organization             = {IEEE},
  Pages                    = {290--297},

  Owner                    = {mfiore},
  Timestamp                = {2016.05.03}
}

@Article{demiris2007prediction,
  Title                    = {{Prediction of intent in robotics and multi-agent systems}},
  Author                   = {Demiris, Yiannis},
  Journal                  = {Cognitive processing},
  Year                     = {2007},
  Number                   = {3},
  Pages                    = {151--158},
  Volume                   = {8},

  Owner                    = {mfiore},
  Publisher                = {Springer},
  Timestamp                = {2016.05.03}
}

@Article{demiris2006hierarchical,
  Title                    = {{Hierarchical attentive multiple models for execution and recognition of actions}},
  Author                   = {Demiris, Yiannis and Khadhouri, Bassam},
  Journal                  = {Robotics and autonomous systems},
  Year                     = {2006},
  Number                   = {5},
  Pages                    = {361--369},
  Volume                   = {54},

  Owner                    = {mfiore},
  Publisher                = {Elsevier},
  Timestamp                = {2016.05.03}
}

@article{johnson2005perceptual,
  title={Perceptual perspective taking and action recognition},
  author={Johnson, Matthew and Demiris, Yiannis},
  journal={International Journal of Advanced Robotic Systems},
  volume={2},
  number={4},
  pages={301--308},
  year={2005}
}

@Article{demiris2003distributed,
  Title                    = {{Distributed, predictive perception of actions: a biologically inspired robotics architecture for imitation and learning}},
  Author                   = {Demiris*, Yiannis and Johnson†, Matthew},
  Journal                  = {Connection Science},
  Year                     = {2003},
  Number                   = {4},
  Pages                    = {231--243},
  Volume                   = {15},

  Owner                    = {mfiore},
  Publisher                = {Taylor \& Francis},
  Timestamp                = {2016.05.03}
}

@Book{Dennet1989,
  Title                    = {The intentional stance},
  Author                   = {Dennett, Daniel Clement},
  Publisher                = {MIT press},
  Year                     = {1989},

  Owner                    = {mfiore},
  Timestamp                = {2016.05.03}
}

@Article{devin2016some,
  Title                    = {Some essential skills and their combination in an architecture for a cognitive and interactive robot},
  Author                   = {Devin, Sandra and Milliez, Gr{\'e}goire and Fiore, Michelangelo and Clodic, Aur{\'e}lie and Alami, Rachid},
  Journal                  = {arXiv preprint arXiv:1603.00583},
  Year                     = {2016},

  Owner                    = {mfiore},
  Timestamp                = {2016.05.03}
}

@Article{doshi2009monte,
  Title                    = {Monte Carlo sampling methods for approximating interactive POMDPs},
  Author                   = {Doshi, Prashant and Gmytrasiewicz, Piotr J},
  Journal                  = {Journal of Artificial Intelligence Research},
  Year                     = {2009},
  Pages                    = {297--337},

  Owner                    = {mfiore},
  Timestamp                = {2016.05.03}
}

@InProceedings{dragan2013legibility,
  Title                    = {Legibility and predictability of robot motion},
  Author                   = {Dragan, Anca D and Lee, Kenton CT and Srinivasa, Siddhartha S},
  Booktitle                = {Human-Robot Interaction (HRI), 2013 8th ACM/IEEE International Conference on},
  Year                     = {2013},
  Organization             = {IEEE},
  Pages                    = {301--308},

  Owner                    = {mfiore},
  Timestamp                = {2016.05.13}
}

@Article{durfee1999survey,
  Title                    = {A survey of research in distributed, continual planning},
  Author                   = {Durfee, Edmund H and Ortiz Jr, Charles L and Wolverton, Michael J and others},
  Journal                  = {Ai magazine},
  Year                     = {1999},
  Number                   = {4},
  Pages                    = {13},
  Volume                   = {20},

  Owner                    = {theworld},
  Timestamp                = {2016.05.05}
}

@InProceedings{echeverria11,
  Title                    = {Modular open robots simulation engine: MORSE},
  Author                   = {Echeverria, Gilberto and Lassabe, Nicolas and Degroote, Arnaud and Lemaignan, S{\'e}verin},
  Booktitle                = {ICRA},
  Year                     = {2011},

  Owner                    = {mfiore},
  Timestamp                = {2016.05.03}
}

@Article{endsley1995toward,
  Title                    = {Toward a theory of situation awareness in dynamic systems},
  Author                   = {Endsley, Mica R},
  Journal                  = {Human Factors: The Journal of the Human Factors and Ergonomics Society},
  Year                     = {1995},
  Number                   = {1},
  Pages                    = {32--64},
  Volume                   = {37},

  Owner                    = {mfiore},
  Publisher                = {SAGE Publications},
  Timestamp                = {2016.05.03}
}

@InProceedings{evers2014development,
  Title                    = {The development and real-world application of FROG, the fun robotic outdoor guide},
  Author                   = {Evers, Vanessa and Menezes, Nuno and Merino, Luis and Gavrila, Dariu and Nabais, Fernando and Pantic, Maja and Alvito, Paulo},
  Booktitle                = {Proceedings of the companion publication of the 17th ACM conference on Computer supported cooperative work \& social computing},
  Year                     = {2014},
  Organization             = {ACM},
  Pages                    = {281--284},

  Owner                    = {mfiore},
  Timestamp                = {2016.05.03}
}

@Article{fabregues2014hana,
  Title                    = {Hana: a human-aware negotiation architecture},
  Author                   = {Fabregues, Angela and Sierra, Carles},
  Journal                  = {Decision Support Systems},
  Year                     = {2014},
  Pages                    = {18--28},
  Volume                   = {60},

  Owner                    = {theworld},
  Publisher                = {Elsevier},
  Timestamp                = {2016.05.06}
}

@Article{Favela2007,
  Title                    = {Activity Recognition for Context-aware Hospital Applications: Issues and Opportunities for the Deployment of Pervasive Networks},
  Author                   = {Favela, Jesus and Tentori, Monica and Castro, LuisA. and Gonzalez, VictorM. and Moran, ElisaB. and Martínez-García, AnaI.},
  Journal                  = {Mobile Networks and Applications},
  Year                     = {2007},
  Number                   = {2-3},
  Pages                    = {155-171},
  Volume                   = {12},

  Doi                      = {10.1007/s11036-007-0013-5},
  ISSN                     = {1383-469X},
  Keywords                 = {activity estimation; context-aware computing; hospital activities; neural networks},
  Language                 = {English},
  Owner                    = {mfiore},
  Publisher                = {Springer US},
  Timestamp                = {2016.05.03},
  Url                      = {http://dx.doi.org/10.1007/s11036-007-0013-5}
}

@InProceedings{Ferreira2015,
  Title                    = {Users' Belief Awareness in Reinforcement Learning-based Situated Human-Robot Dialogue Management},
  Author                   = {Ferreira, Emmanuel and Milliez, Gr{\'e}goire and Lefevre, Fabrice and Alami, Rachid},
  Booktitle                = {IWSDS},
  Year                     = {2015},

  Owner                    = {mfiore},
  Timestamp                = {2016.05.03}
}

@InProceedings{fioreiser2014,
  Title                    = {On Planning and Task achievement Modalities for Human-Robot Collaboration.},
  Author                   = {Michelangelo Fiore and Aur{\'e}lie Clodic and Rachid Alami},
  Booktitle                = {The 2014 International Symposium on Experimental Robotics},
  Year                     = {2014},

  Owner                    = {mfiore},
  Timestamp                = {2016.05.03}
}

@InCollection{fiore2015adaptive,
  Title                    = {An Adaptive and Proactive Human-Aware Robot Guide},
  Author                   = {Fiore, Michelangelo and Khambhaita, Harmish and Milliez, Gr{\'e}goire and Alami, Rachid},
  Booktitle                = {Social Robotics},
  Publisher                = {Springer},
  Year                     = {2015},
  Pages                    = {194--203},

  Owner                    = {mfiore},
  Timestamp                = {2016.05.03}
}

@InBook{Flavell1992,
  Title                    = {{Perspectives on Perspective Taking}},
  Author                   = {Flavell, J.},
  Pages                    = {107--139},
  Publisher                = {L. Erlbaum Associates},
  Year                     = {1992},

  Owner                    = {mfiore},
  Timestamp                = {2016.05.03}
}

@InProceedings{flavell1977development,
  Title                    = {The development of knowledge about visual perception.},
  Author                   = {Flavell, John H},
  Booktitle                = {Nebraska symposium on motivation},
  Year                     = {1977},
  Organization             = {University of Nebraska Press},

  Owner                    = {mfiore},
  Timestamp                = {2016.05.03}
}

@InProceedings{Fong_2006,
  Title                    = {{The Human-Robot Interaction Operating System}},
  Author                   = {Fong, T. W. and Kunz, C. and Hiatt, L. and Bugajska, M.},
  Booktitle                = {{2006 Human-Robot Interaction Conference}},
  Year                     = {2006},
  Month                    = {March},
  Publisher                = {ACM},

  Owner                    = {mfiore},
  Timestamp                = {2016.05.03}
}

@Book{forsyth2009group,
  Title                    = {Group dynamics},
  Author                   = {Forsyth, Donelson},
  Publisher                = {Cengage Learning},
  Year                     = {2009},

  Owner                    = {mfiore},
  Timestamp                = {2016.05.03}
}

@Article{frick2014picturing,
  Title                    = {Picturing perspectives: development of perspective-taking abilities in 4-to 8-year-olds},
  Author                   = {Frick, Andrea and M{\"o}hring, Wenke and Newcombe, Nora S},
  Journal                  = {Frontiers in psychology},
  Year                     = {2014},
  Volume                   = {5},

  Owner                    = {mfiore},
  Publisher                = {Frontiers Media SA},
  Timestamp                = {2016.05.03}
}

@Misc{ros,
  Title                    = {The Robot Operating System (ROS) is a set of software libraries and tools that help you build robot applications.},

  Author                   = {Willow Garage},
  HowPublished             = {\url{http://www.ros.org/}},

  Owner                    = {mfiore},
  Timestamp                = {2016.05.03}
}

@InProceedings{geib2005partial,
  Title                    = {Partial observability and probabilistic plan/goal recognition},
  Author                   = {Geib, Christopher W and Goldman, Robert P},
  Booktitle                = {Proceedings of the International workshop on modeling other agents from observations (MOO-05)},
  Year                     = {2005},

  Owner                    = {theworld},
  Timestamp                = {2016.05.09}
}

@Article{gmytrasiewicz2005framework,
  Title                    = {A framework for sequential planning in multi-agent settings},
  Author                   = {Gmytrasiewicz, Piotr J and Doshi, Prashant},
  Journal                  = {Journal of Artificial Intelligence Research},
  Year                     = {2005},
  Pages                    = {49--79},

  Owner                    = {theworld},
  Timestamp                = {2016.05.05}
}

@InProceedings{gmytrasiewicz2004interactive,
  Title                    = {Interactive pomdps: Properties and preliminary results},
  Author                   = {Gmytrasiewicz, Piotr J and Doshi, Prashant},
  Booktitle                = {Proceedings of the Third International Joint Conference on Autonomous Agents and Multiagent Systems-Volume 3},
  Year                     = {2004},
  Organization             = {IEEE Computer Society},
  Pages                    = {1374--1375},

  Owner                    = {mfiore},
  Timestamp                = {2016.05.03}
}

@InProceedings{gray2005action,
  Title                    = {{Action parsing and goal inference using self as simulator}},
  Author                   = {Gray, Jesse and Breazeal, Cynthia and Berlin, Matt and Brooks, Andrew and Lieberman, Jeff},
  Booktitle                = {{Robot and Human Interactive Communication, 2005. ROMAN 2005. IEEE International Workshop on}},
  Year                     = {2005},
  Organization             = {IEEE},
  Pages                    = {202--209}
}

@Article{Grosz1996,
  Title                    = {{Collaborative Plans for Complex Group Action}},
  Author                   = {Grosz, B. J. and Kraus, S.},
  Journal                  = {Artificial Intelligence},
  Year                     = {1996},
  Pages                    = {269--358},
  Volume                   = {86},

  Owner                    = {mfiore},
  Timestamp                = {2016.05.03}
}

@InProceedings{guestrin2002distributed,
  Title                    = {Distributed planning in hierarchical factored MDPs},
  Author                   = {Guestrin, Carlos and Gordon, Geoffrey},
  Booktitle                = {Proceedings of the Eighteenth conference on Uncertainty in artificial intelligence},
  Year                     = {2002},
  Organization             = {Morgan Kaufmann Publishers Inc.},
  Pages                    = {197--206},

  Owner                    = {theworld},
  Timestamp                = {2016.05.05}
}

@InProceedings{hanheide2010framework,
  Title                    = {A framework for goal generation and management},
  Author                   = {Hanheide, Marc and Hawes, Nick and Wyatt, Jeremy and G{\"o}belbecker, Moritz and Brenner, Michael and Sj{\"o}{\"o}, Kristoffer and Aydemir, Alper and Jensfelt, Patric and Zender, Hendrik and Kruijff, Geert-Jan},
  Booktitle                = {Proceedings of the AAAI workshop on goal-directed autonomy},
  Year                     = {2010},

  Owner                    = {mfiore},
  Timestamp                = {2016.05.04}
}

@Article{Happé1993,
  Title                    = {Communicative competence and theory of mind in autism: A test of relevance theory },
  Author                   = {Francesca G.E. Happé},
  Journal                  = {Cognition },
  Year                     = {1993},
  Number                   = {2},
  Pages                    = {101 - 119},
  Volume                   = {48},

  Doi                      = {http://dx.doi.org/10.1016/0010-0277(93)90026-R},
  ISSN                     = {0010-0277},
  Owner                    = {mfiore},
  Timestamp                = {2016.05.03},
  Url                      = {http://www.sciencedirect.com/science/article/pii/001002779390026R}
}

@InProceedings{hauskrecht1998hierarchical,
  Title                    = {Hierarchical solution of Markov decision processes using macro-actions},
  Author                   = {Hauskrecht, Milos and Meuleau, Nicolas and Kaelbling, Leslie Pack and Dean, Thomas and Boutilier, Craig},
  Booktitle                = {Proceedings of the Fourteenth conference on Uncertainty in artificial intelligence},
  Year                     = {1998},
  Organization             = {Morgan Kaufmann Publishers Inc.},
  Pages                    = {220--229},

  Owner                    = {theworld},
  Timestamp                = {2016.05.05}
}

@InProceedings{Saxena2013,
  Title                    = {Anticipating Human Activities using Object Affordances for Reactive Robotic Response},
  Author                   = {Hema S Koppula, Ashutosh Saxena},
  Booktitle                = {Robotics: Science and Systems (RSS)},
  Year                     = {2013}
}

@InProceedings{hoang2013interactive,
  Title                    = {Interactive POMDP Lite: Towards practical planning to predict and exploit intentions for interacting with self-interested agents},
  Author                   = {Hoang, Trong Nghia and Low, Kian Hsiang},
  Booktitle                = {Proceedings of the Twenty-Third international joint conference on Artificial Intelligence},
  Year                     = {2013},
  Organization             = {AAAI Press},
  Pages                    = {2298--2305},

  Owner                    = {mfiore},
  Timestamp                = {2016.05.03}
}

@InProceedings{Holzapfel2004,
  Title                    = {Implementation and Evaluation of a Constraint-based Multimodal Fusion System for Speech and 3D Pointing Gestures},
  Author                   = {Holzapfel, Hartwig and Nickel, Kai and Stiefelhagen, Rainer},
  Booktitle                = {ICMI},
  Year                     = {2004},

  Owner                    = {mfiore},
  Timestamp                = {2016.05.03}
}

@Article{Jensen2005,
  Title                    = {Robots meet Humans-interaction in public spaces},
  Author                   = {Jensen, B. and Tomatis, N. and Mayor, L. and Drygajlo, A. and Siegwart, R.},
  Journal                  = {Industrial Electronics, IEEE Transactions on},
  Year                     = {2005},

  Month                    = {Dec},
  Number                   = {6},
  Pages                    = {1530-1546},
  Volume                   = {52},

  Doi                      = {10.1109/TIE.2005.858730},
  ISSN                     = {0278-0046},
  Keywords                 = {human computer interaction;humanoid robots;mobile robots;human-robot interaction;mobile robots;reliability;robotic system;safety;Face detection;Hardware;Human robot interaction;Mobile robots;Motion detection;Orbital robotics;Software safety;Speech recognition;Speech synthesis;Tracking;Human–robot interaction;mobile robot;modalities for interaction;public space experience},
  Owner                    = {mfiore},
  Timestamp                = {2016.05.03}
}

@Article{Johnson2005,
  Title                    = {{Perceptual Perspective Taking and Action Recognition}},
  Author                   = {Johnson, M. and Demiris, Y.},
  Journal                  = {Advanced Robotic Systems},
  Year                     = {2005},
  Number                   = {4},
  Pages                    = {301--308},
  Volume                   = {2},

  Owner                    = {mfiore},
  Timestamp                = {2016.05.03}
}

@Article{johnson2004abstraction,
  Title                    = {{Abstraction in recognition to solve the correspondence problem for robot imitation}},
  Author                   = {Johnson, Matthew and Demiris, Yiannis},
  Journal                  = {Proceedings of TAROS},
  Year                     = {2004},
  Pages                    = {63--70}
}

@InProceedings{karami2010human,
  Title                    = {{Human-robot collaboration for a shared mission}},
  Author                   = {Karami, A-B and Jeanpierre, Laurent and Mouaddib, A-I},
  Booktitle                = {{Human-Robot Interaction (HRI), 2010 5th ACM/IEEE International Conference on}},
  Year                     = {2010},
  Organization             = {IEEE},
  Pages                    = {155--156},

  Owner                    = {mfiore},
  Timestamp                = {2016.05.03}
}

@InProceedings{karpas2015robust,
  Title                    = {Robust Execution of Plans for Human-Robot Teams},
  Author                   = {Karpas, Erez and Levine, Steven J and Yu, Peng and Williams, Brian C},
  Booktitle                = {Twenty-Fifth International Conference on Automated Planning and Scheduling},
  Year                     = {2015},

  Owner                    = {mfiore},
  Timestamp                = {2016.05.03}
}

@Article{Kemp2007,
  Title                    = {{Challenges for robot manipulation in human environments}},
  Author                   = {Kemp, C.C. and Edsinger, A. Torres-Jara E.},
  Journal                  = {Robotics \& Automation Magazine, IEEE},
  Year                     = {2007},

  Owner                    = {mfiore},
  Timestamp                = {2016.05.03}
}

@Book{kendon1990conducting,
  Title                    = {Conducting interaction: Patterns of behavior in focused encounters},
  Author                   = {Kendon, Adam},
  Publisher                = {CUP Archive},
  Year                     = {1990},
  Volume                   = {7},

  Owner                    = {mfiore},
  Timestamp                = {2016.05.03}
}

@Article{Klein2004,
  Title                    = {{Ten Challenges for Making Automation a "Team Player" in Joint Human-Agent Activity}},
  Author                   = {Klein, G. and Woods, D. D.and Bradshaw J. M. and Hoffman, R. R.and Feltovich P. J.},
  Journal                  = {IEEE Intelligent Systems},
  Year                     = {2004},
  Number                   = {6},
  Pages                    = {91--95},
  Volume                   = {19},

  Owner                    = {mfiore},
  Timestamp                = {2016.05.03}
}

@InProceedings{Kluge01situationassessment,
  Title                    = {Situation Assessment In Crowded Public Environments},
  Author                   = {Boris Kluge and Jörg Illmann and Erwin Prassler},
  Booktitle                = {Proc. of Int. Conf. on Field and Service Robotics},
  Year                     = {2001},

  Owner                    = {mfiore},
  Timestamp                = {2016.05.03}
}

@InProceedings{Kollar10,
  Title                    = {{Toward understanding natural language directions}},
  Author                   = {Kollar, T. and Tellex, S. and Roy, D. and Roy, N.},
  Booktitle                = {{HRI}},
  Year                     = {2010},
  Pages                    = {259--266},

  Owner                    = {mfiore},
  Timestamp                = {2016.05.03}
}

@Article{koppula2013anticipating,
  Title                    = {{Anticipating human activities using object affordances for reactive robotic response}},
  Author                   = {Koppula, Hema S and Saxena, Ashutosh},
  Journal                  = {Robotics: Science and Systems, Berlin},
  Year                     = {2013}
}

@InCollection{Krauthausen2010,
  Title                    = {Situation-Specific Intention Recognition for Human-Robot Cooperation},
  Author                   = {Krauthausen, Peter and Hanebeck, UweD.},
  Booktitle                = {KI 2010: Advances in Artificial Intelligence},
  Publisher                = {Springer Berlin Heidelberg},
  Year                     = {2010},
  Editor                   = {Dillmann, Rüdiger and Beyerer, Jürgen and Hanebeck, UweD. and Schultz, Tanja},
  Pages                    = {418-425},
  Series                   = {Lecture Notes in Computer Science},
  Volume                   = {6359},

  Doi                      = {10.1007/978-3-642-16111-7_48},
  ISBN                     = {978-3-642-16110-0},
  Language                 = {English},
  Owner                    = {mfiore},
  Timestamp                = {2016.05.03},
  Url                      = {http://dx.doi.org/10.1007/978-3-642-16111-7_48}
}

@InProceedings{kruse12crossing,
  Title                    = {Legible robot navigation in the proximity of moving humans},
  Author                   = {Kruse, T. and Basili, P. and Glasauer, S. and Kirsch, A.},
  Booktitle                = {Advanced Robotics and its Social Impacts (ARSO), 2012 IEEE Workshop on},
  Year                     = {2012},
  Month                    = {May},
  Pages                    = {83--88},

  Owner                    = {mfiore},
  Timestamp                = {2016.05.03}
}

@Article{kruse2013human,
  Title                    = {Human-aware robot navigation: A survey},
  Author                   = {Kruse, Thibault and Pandey, Amit Kumar and Alami, Rachid and Kirsch, Alexandra},
  Journal                  = {Robotics and Autonomous Systems},
  Year                     = {2013},
  Number                   = {12},
  Pages                    = {1726--1743},
  Volume                   = {61},

  Owner                    = {mfiore},
  Publisher                = {Elsevier},
  Timestamp                = {2016.05.03}
}

@InProceedings{kucner2015ndt,
  Title                    = {Where am I? An NDT-based prior for MCL},
  Author                   = {Kucner, Tomasz Piotr and Magnusson, Martin and Lilienthal, Achim J},
  Booktitle                = {Mobile Robots (ECMR), 2015 European Conference on},
  Year                     = {2015},
  Organization             = {IEEE},
  Pages                    = {1--6},

  Owner                    = {theworld},
  Timestamp                = {2016.05.16}
}

@Article{Kulic2007,
  Title                    = {{Pre-collision safety strategies for human-robot interaction}},
  Author                   = {Kulic, D. and Croft, E.},
  Journal                  = {Autonomous Robots},
  Year                     = {2007},
  Number                   = {2},
  Pages                    = {149--164},
  Volume                   = {22}
}

@InProceedings{Lallee2013,
  Title                    = {Cooperative human robot interaction systems: IV. Communication of shared plans with humans using gaze and speech},
  Author                   = {Lallee, S. and others},
  Booktitle                = {Intelligent Robots and Systems (IROS), 2013 IEEE/RSJ International Conference on},
  Year                     = {2013},
  Pages                    = {129-136},

  Doi                      = {10.1109/IROS.2013.6696343},
  ISSN                     = {2153-0858},
  Keywords                 = {cognitive systems;gesture recognition;human-robot interaction;humanoid robots;speech processing;artificial agents;cognitive errors;cognitive system;cooperative human robot interaction systems;human social life;human-centered approach;human-like control;naïve humans;shared plan communication;social actions;spoken language;task-oriented gaze;task-oriented gestures;turn taking;Collision avoidance;Joints;Pragmatics;Psychology;Robot kinematics;Speech;HRI;cognitive architecture;cooperation;gaze;joint plan;shared intention;spoken language},
  Owner                    = {mfiore},
  Timestamp                = {2016.05.03}
}

@InProceedings{Lallement2014,
  Title                    = {{ HATP: An HTN Planner for Robotics}},
  Author                   = {Lallement, Rapha{\"e}l and de Silva, Lavindra and Alami, Rachid},
  Booktitle                = {{2nd ICAPS Workshop on Planning and Robotics, PlanRob 2014}},
  Year                     = {2014},

  Owner                    = {mfiore},
  Timestamp                = {2016.05.03}
}

@InProceedings{Lemaignan2010,
  Title                    = {{ORO, a knowledge management module for cognitive architectures in robotics}},
  Author                   = {Lemaignan, S. and Ros, R. and Mosenlechner, L. and Alami, R. and Beetz, M.},
  Booktitle                = {{Proceedings of the 2010 IEEE/RSJ International Conference on Intelligent Robots and Systems}},
  Year                     = {2010}
}

@InProceedings{Lemaignan2011,
  Title                    = {{Anchoring interaction through symbolic knowledge}},
  Author                   = {Lemaignan, S. and Sisbot, A. and Alami, R.},
  Booktitle                = {{Proceedings of the 2011 Human-Robot Interaction Pioneers workshop}},
  Year                     = {2011}
}

@InProceedings{levine2014concurrent,
  Title                    = {Concurrent plan recognition and execution for human-robot teams},
  Author                   = {Levine, Steven James and Williams, Brian Charles},
  Booktitle                = {Proceedings of the Twenty-fourth International Conference on Automated Planning and Scheduling (ICAPS-14)},
  Year                     = {2014},

  Owner                    = {mfiore},
  Timestamp                = {2016.05.03}
}

@Article{lindermulti,
  Title                    = {On Multi-Modal People Tracking from Mobile Platforms in Very Crowded and Dynamic Environments},
  Author                   = {Linder, Timm and Breuers, Stefan and Leibe, Bastian and Arras, Kai O},
  Journal                  = {ICRA},
  Year                     = {2016},

  Owner                    = {theworld},
  Timestamp                = {2016.05.16}
}

@InProceedings{liu2013s,
  Title                    = {{It's not polite to point: generating socially-appropriate deictic behaviors towards people}},
  Author                   = {Liu, Phoebe and Glas, Dylan F and Kanda, Takayuki and Ishiguro, Hiroshi and Hagita, Norihiro},
  Booktitle                = {{Proceedings of the 8th ACM/IEEE international conference on Human-robot interaction}},
  Year                     = {2013},
  Organization             = {IEEE Press},
  Pages                    = {267--274}
}

@InProceedings{Liu2014,
  Title                    = {Use context to understand user's implicit intentions in Activities of Daily Living},
  Author                   = {Rui Liu and Xiaoli Zhang and Songpo Li},
  Booktitle                = {Mechatronics and Automation (ICMA), 2014 IEEE International Conference on},
  Year                     = {2014},
  Month                    = {Aug},
  Pages                    = {1214-1219},

  Doi                      = {10.1109/ICMA.2014.6885872},
  Owner                    = {mfiore},
  Timestamp                = {2016.05.03}
}

@InProceedings{luber2013multi,
  Title                    = {Multi-Hypothesis Social Grouping and Tracking for Mobile Robots.},
  Author                   = {Luber, Matthias and Arras, Kai Oliver},
  Booktitle                = {Robotics: Science and Systems},
  Year                     = {2013},

  Owner                    = {mfiore},
  Timestamp                = {2016.05.03}
}

@InProceedings{Urias2008,
  Title                    = {Geometric Tools for Perspective Taking for Human-Robot Interaction},
  Author                   = {Luis Felipe Marin-Urias, E. Akin Sisbot, Rachid Alami},
  Year                     = {2008},

  Journal                  = {Seventh Mexican International Conference on Artificial Intelligence}
}

@Article{Madhav2006,
  Title                    = {{Safe proactive plans and their execution}},
  Author                   = {Madhava, K. and Alami, R. and Simeon, T.},
  Journal                  = {Robotics and Autonomous Systems},
  Year                     = {2006},
  Number                   = {3},
  Pages                    = {244--255},
  Volume                   = {54},

  Owner                    = {mfiore},
  Timestamp                = {2016.05.03}
}

@InProceedings{Magnanimo2014,
  Title                    = {A Bayesian approach for task recognition and future human activity prediction},
  Author                   = {Magnanimo, V. and Saveriano, M. and Rossi, S. and Dongheui Lee},
  Booktitle                = {Robot and Human Interactive Communication, 2014 RO-MAN: The 23rd IEEE International Symposium on},
  Year                     = {2014},
  Month                    = {Aug},
  Pages                    = {726-731},

  Doi                      = {10.1109/ROMAN.2014.6926339},
  Owner                    = {mfiore},
  Timestamp                = {2016.05.03}
}

@InProceedings{mainprice2013human,
  Title                    = {{Human-robot collaborative manipulation planning using early prediction of human motion}},
  Author                   = {Mainprice, Jim and Berenson, Dmitry},
  Booktitle                = {{Intelligent Robots and Systems (IROS), 2013 IEEE/RSJ International Conference on}},
  Year                     = {2013},
  Organization             = {IEEE},
  Pages                    = {299--306}
}

@InProceedings{Mainprice2011,
  Title                    = {{Planning human-aware motions using a sampling-based costmap planner}},
  Author                   = {Mainprice, J. and Sisbot, E.A. and Jaillet, L. and Cortes, J. and Alami, R. and Simeon, T.},
  Booktitle                = {{IEEE International Conference on Robotics and Automation}},
  Year                     = {2011}
}

@Misc{movebase,
  Title                    = {{move\_base, a {ROS} Package that lets you move a robot to desired positions using the navigation stack}},

  Author                   = {Eitan Marder-Eppstein},
  HowPublished             = {\url{http://wiki.ros.org/move\_base}},

  Owner                    = {mfiore},
  Timestamp                = {2016.05.03}
}

@InProceedings{Matuszek10,
  Title                    = {{Following Directions Using Statistical Machine Translation}},
  Author                   = {Matuszek, C. and Fox, D. and Koscher, K.},
  Booktitle                = {{Int. Conf. on Human-Robot Interaction}},
  Year                     = {2010},
  Publisher                = {ACM Press}
}

@Book{2012Mausam,
  Title                    = {Planning with Markov Decision Processes: An AI Perspective},
  Author                   = {Mausam and Kolobov, Andrey},
  Publisher                = {Morgan and Claypool Publishers},
  Year                     = {2012},
  Series                   = {Synthesis Lectures on Artificial Intelligence and Machine Learning},

  Added-at                 = {2012-11-02T00:00:00.000+0100},
  Biburl                   = {http://www.bibsonomy.org/bibtex/2016aea82554329b9158a997e43ff7b95/dblp},
  Booktitle                = {Planning with Markov Decision Processes: An AI Perspective},
  Ee                       = {http://dx.doi.org/10.2200/S00426ED1V01Y201206AIM017},
  Interhash                = {c59b24bf5809d97caa7f214cf575f73a},
  Intrahash                = {016aea82554329b9158a997e43ff7b95},
  Keywords                 = {dblp},
  Owner                    = {mfiore},
  Timestamp                = {2012-11-02T00:00:00.000+0100},
  Url                      = {http://dx.doi.org/10.2200/S00426ED1V01Y201206AIM017}
}

@InCollection{melo2013heuristic,
  Title                    = {Heuristic Planning for Decentralized MDPs with Sparse Interactions},
  Author                   = {Melo, Francisco S and Veloso, Manuela},
  Booktitle                = {Distributed Autonomous Robotic Systems},
  Publisher                = {Springer},
  Year                     = {2013},
  Pages                    = {329--343},

  Owner                    = {theworld},
  Timestamp                = {2016.05.05}
}

@InProceedings{simpar_2014,
  Title                    = {Simulating Human Robot Interaction for Dialogue Learning},
  Author                   = {Grégoire Milliez and Emmanuel Ferreira and Michelangelo Fiore and Rachid Alami and Fabrice Lef{\`e}vre},
  Booktitle                = {SIMPAR},
  Year                     = {2014},
  Pages                    = {62--73},

  Owner                    = {mfiore},
  Timestamp                = {2016.05.03}
}

@InProceedings{milliez2016using,
  Title                    = {Using human knowledge awareness to adapt collaborative plan generation, explanation and monitoring},
  Author                   = {Milliez, Gr{\'e}goire and Lallement, Rapha{\"e}l and Fiore, Michelangelo and Alami, Rachid},
  Booktitle                = {The Eleventh ACM/IEEE International Conference on Human Robot Interation},
  Year                     = {2016},
  Organization             = {IEEE Press},
  Pages                    = {43--50},

  Owner                    = {theworld},
  Timestamp                = {2016.05.06}
}

@InProceedings{Milliez2014,
  Title                    = {A framework for endowing interactive robot with reasoning capabilities about perspective-taking and belief management.},
  Author                   = {Grégoire Milliez and Mathieu Warnier and Aurélie Clodic and Rachid Alami},
  Booktitle                = {ISRHIC},
  Year                     = {2014}
}

@InProceedings{mutlu2013coordination,
  Title                    = {{Coordination mechanisms in human-robot collaboration}},
  Author                   = {Mutlu, Bilge and Terrell, Allison and Huang, Chien-Ming},
  Booktitle                = {{ACM/IEEE Intl. Conf. on Human-Robot Interaction (HRI)-Workshop on Collaborative Manipulation}},
  Year                     = {2013},
  Pages                    = {1--6}
}

@InProceedings{Nagai2015,
  Title                    = {Probabilistic Modeling of Mental Models of Others},
  Author                   = {Nagai, T. and Abe, K. and Nakamura, T. and Oka, N. and Omori, T.},
  Booktitle                = {Proceedings of the 24th IEEE International Symposium on Robot and Human Interactive Communication},
  Year                     = {2015},
  Month                    = {Aug},

  Owner                    = {mfiore},
  Timestamp                = {2016.05.03}
}

@Article{Nau2003,
  Title                    = {{SHOP2: An HTN Planning System}},
  Author                   = {Nau, D. and Au, T. C. and Ilghami, O. and Kuter, U. and Murdock, J. W. and Wu, D. and Yaman, F.},
  Journal                  = {Journal of Artificial Intelligence Research},
  Year                     = {2003},
  Pages                    = {379--404},

  Owner                    = {mfiore},
  Timestamp                = {2016.05.03}
}

@InProceedings{ng2000algorithms,
  Title                    = {Algorithms for inverse reinforcement learning.},
  Author                   = {Ng, Andrew Y and Russell, Stuart J and others},
  Booktitle                = {Icml},
  Year                     = {2000},
  Pages                    = {663--670},

  Owner                    = {mfiore},
  Timestamp                = {2016.05.03}
}

@InProceedings{nikolaidis2013manufacturing,
  Title                    = {{Human-robot collaboration in manufacturing: Quantitative evaluation of predictable, convergent joint action}},
  Author                   = {Nikolaidis, Stefanos and Lasota, Przemyslaw and Rossano, Gregory and Martinez, Carlos and Fuhlbrigge, Thomas and Shah, Julie},
  Booktitle                = {{Robotics (ISR), 2013 44th International Symposium on}},
  Year                     = {2013},
  Organization             = {IEEE},
  Pages                    = {1--6}
}

@InProceedings{nikolaidis2013cross,
  Title                    = {{Human-robot cross-training: computational formulation, modeling and evaluation of a human team training strategy}},
  Author                   = {Nikolaidis, Stefanos and Shah, Julie},
  Booktitle                = {{Proceedings of the 8th ACM/IEEE international conference on Human-robot interaction}},
  Year                     = {2013},
  Organization             = {IEEE Press},
  Pages                    = {33--40}
}

@Article{nikolaidis2012human,
  Title                    = {{Human-robot teaming using shared mental models}},
  Author                   = {Nikolaidis, Stefanos and Shah, Julie},
  Journal                  = {ACM/IEEE HRI},
  Year                     = {2012}
}

@Book{OKeefe1999,
  Title                    = {{The Spatial Prepositions}},
  Author                   = {O'Keefe, J.},
  Publisher                = {MIT Press},
  Year                     = {1999},

  Owner                    = {mfiore},
  Timestamp                = {2016.05.03}
}

@Article{okallearning,
  Title                    = {Learning Socially Normative Robot Navigation Behaviors with Bayesian Inverse Reinforcement Learning},
  Author                   = {Okal, Billy and Arras, Kai O},
  Journal                  = {IEEE International Conference on Robotics and Automation (ICRA)},
  Year                     = {2016},

  Owner                    = {theworld},
  Timestamp                = {2016.05.16}
}

@Article{pacherie2012phenomenology,
  Title                    = {The phenomenology of joint action: Self-agency vs. joint-agency},
  Author                   = {Pacherie, Elisabeth},
  Journal                  = {Joint attention: New developments},
  Year                     = {2012},
  Pages                    = {343--389},

  Owner                    = {theworld},
  Publisher                = {MIT Press},
  Timestamp                = {2016.05.18}
}

@Article{palmierirrt,
  Title                    = {RRT-Based Nonholonomic Motion Planning Using Any-Angle Path Biasing},
  Author                   = {Palmieri, Luigi and Koenig, Sven and Arras, Kai O},
  Journal                  = {Proceedings of the IEEE International Conference on Robotics and Automation (ICRA)},
  Year                     = {2016},

  Owner                    = {theworld},
  Timestamp                = {2016.05.16}
}

@InProceedings{Pandey2010,
  Title                    = {{Mightability maps: A perceptual level decisional framework for co-operative and competitive human-robot interaction}},
  Author                   = {Pandey, A.K. and Alami, R.},
  Booktitle                = {{IEEE/RSJ International Conference on Intelligent Robots and Systems}},
  Year                     = {2010}
}

@Article{Petit2012,
  Title                    = {The Coordinating Role of Language in Real-Time Multimodal Learning of Cooperative Tasks},
  Author                   = {Petit, M. and others},
  Journal                  = {Autonomous Mental Development, IEEE Transactions on},
  Year                     = {2013},

  Month                    = {March},
  Number                   = {1},
  Pages                    = {3-17},
  Volume                   = {5},

  Doi                      = {10.1109/TAMD.2012.2209880},
  ISSN                     = {1943-0604},
  Keywords                 = {cognitive systems;human-robot interaction;humanoid robots;natural languages;Nao humanoid robot learning;agent cooperation;cognitive system;cooperative plan development;coordinating role;human cognition;human cooperation;human infant;iCub humanoid;kinesthetic demonstration;language development;lower-level sensorimotor capability;nontrivial cooperative task;real-time learning capability;real-time multimodal learning;shared plan negotiation;spoken language;visual observation;Context;Education;Humans;Real time systems;Robot kinematics;Robot sensing systems;Cooperation;humanoid robot;shared plans;situated and social learning;spoken language interaction},
  Owner                    = {theworld},
  Timestamp                = {2016.05.06}
}

@InProceedings{pineau2003point,
  Title                    = {Point-based value iteration: An anytime algorithm for POMDPs},
  Author                   = {Pineau, Joelle and Gordon, Geoff and Thrun, Sebastian and others},
  Booktitle                = {IJCAI},
  Year                     = {2003},
  Pages                    = {1025--1032},
  Volume                   = {3},

  Owner                    = {mfiore},
  Timestamp                = {2016.05.03}
}

@InProceedings{pineau2001hierarchical,
  Title                    = {A hierarchical approach to POMDP planning and execution},
  Author                   = {Pineau, Joelle and Roy, Nicholas and Thrun, Sebastian},
  Booktitle                = {Workshop on hierarchy and memory in reinforcement learning (ICML)},
  Year                     = {2001},
  Number                   = {66},
  Pages                    = {51},
  Volume                   = {65},

  Owner                    = {mfiore},
  Timestamp                = {2016.05.03}
}

@Article{premack1978does,
  Title                    = {Does the chimpanzee have a theory of mind?},
  Author                   = {Premack, David and Woodruff, Guy},
  Journal                  = {Behavioral and brain sciences},
  Year                     = {1978},
  Number                   = {04},
  Pages                    = {515--526},
  Volume                   = {1},

  Owner                    = {mfiore},
  Publisher                = {Cambridge Univ Press},
  Timestamp                = {2016.05.03}
}

@InProceedings{ramirez2010probabilistic,
  Title                    = {Probabilistic plan recognition using off-the-shelf classical planners},
  Author                   = {Ram{\i}rez, Miquel and Geffner, Hector},
  Booktitle                = {Proceedings of the Conference of the Association for the Advancement of Artificial Intelligence (AAAI 2010)},
  Year                     = {2010},
  Organization             = {Citeseer},

  Owner                    = {mfiore},
  Timestamp                = {2016.05.03}
}

@InProceedings{ramirez2009plan,
  Title                    = {Plan recognition as planning},
  Author                   = {Ram{\i}rez, Miquel and Geffner, Hector},
  Booktitle                = {Proceedings of the 21st international joint conference on Artifical intelligence. Morgan Kaufmann Publishers Inc},
  Year                     = {2009},
  Organization             = {Citeseer},
  Pages                    = {1778--1783},

  Owner                    = {mfiore},
  Timestamp                = {2016.05.03}
}

@InProceedings{rashed2015toward,
  Title                    = {Toward Museum Guide Robots Proactively Initiating Interaction with Humans},
  Author                   = {Rashed, M Golam and Suzuki, R and Lam, A and Kobayashi, Y and Kuno, Y},
  Booktitle                = {Proceedings of the Tenth Annual ACM/IEEE International Conference on Human-Robot Interaction Extended Abstracts},
  Year                     = {2015},
  Organization             = {ACM},
  Pages                    = {1--2},

  Owner                    = {mfiore},
  Timestamp                = {2016.05.03}
}

@Article{Rich1997,
  Title                    = {{COLLAGEN: When Agents Collaborate with People}},
  Author                   = {Rich, C. and Sidner, C. L.},
  Journal                  = {Proceedings of the first international conference on Autonomous Agents},
  Year                     = {1997},

  Owner                    = {mfiore},
  Timestamp                = {2016.05.03}
}

@Article{rios-ijsr-2014,
  Title                    = {From {Proxemics} {Theory} to {Socially}-{Aware} {Navigation}: {A} {Survey}},
  Author                   = {Rios-Martinez, Jorge and Spalanzani, Anne and Laugier, Christian},
  Journal                  = {International Journal of Social Robotics},
  Year                     = {2014},

  Month                    = sep,
  Number                   = {2},
  Pages                    = {137--153},
  Volume                   = {7},

  Owner                    = {mfiore},
  Timestamp                = {2016.05.03}
}

@InProceedings{ros2010one,
  Title                    = {{Which one? grounding the referent based on efficient human-robot interaction}},
  Author                   = {Ros, Raquel and Lemaignan, S{\'e}verin and Sisbot, Emrah Akin and Alami, Rachid and Steinwender, Jasmin and Hamann, Katharina and Warneken, Felix},
  Booktitle                = {{RO-MAN, 2010 IEEE}},
  Year                     = {2010},
  Organization             = {IEEE},
  Pages                    = {570--575}
}

@InProceedings{samejima2015building,
  Title                    = {Building Environmental Maps of Human Activity for a Mobile Service Robot at the” Miraikan” Museum},
  Author                   = {Samejima, Ippei and Nihei, Yuma and Hatao, Naotaka and Kagami, Satoshi and Mizoguchi, Hiroshi and Takemura, Hiroshi and Osaki, Akihiro},
  Booktitle                = {Field and Service Robotics},
  Year                     = {2015},
  Organization             = {Springer},
  Pages                    = {409--422},

  Owner                    = {mfiore},
  Timestamp                = {2016.05.03}
}

@InProceedings{sano2015museum,
  Title                    = {Museum Guide Robot by Considering Static and Dynamic Gaze Expressions to Communicate with Visitors},
  Author                   = {Sano, Kaname and Murata, Keisuke and Suzuki, Ryota and Kuno, Yoshinori and Itagaki, Daijiro and Kobayashi, Yoshinori},
  Booktitle                = {Proceedings of the Tenth Annual ACM/IEEE International Conference on Human-Robot Interaction Extended Abstracts},
  Year                     = {2015},
  Organization             = {ACM},
  Pages                    = {125--126},

  Owner                    = {mfiore},
  Timestamp                = {2016.05.03}
}

@Article{Scassellati2002,
  Title                    = {{Theory of mind for a humanoid robot}},
  Author                   = {Scassellati, B.},
  Journal                  = {Autonomous Robots},
  Year                     = {2002},
  Number                   = {1},
  Pages                    = {13--24},
  Volume                   = {12},

  Owner                    = {mfiore},
  Publisher                = {Springer},
  Timestamp                = {2016.05.03}
}

@InCollection{scheutz2013computational,
  Title                    = {Computational mechanisms for mental models in human-robot interaction},
  Author                   = {Scheutz, Matthias},
  Booktitle                = {Virtual Augmented and Mixed Reality. Designing and Developing Augmented and Virtual Environments},
  Publisher                = {Springer},
  Year                     = {2013},
  Pages                    = {304--312}
}

@Article{sebanz2006joint,
  Title                    = {{Joint action: bodies and minds moving together}},
  Author                   = {Sebanz, Natalie and Bekkering, Harold and Knoblich, G{\"u}nther},
  Journal                  = {Trends in cognitive sciences},
  Year                     = {2006},
  Number                   = {2},
  Pages                    = {70--76},
  Volume                   = {10},

  Publisher                = {Elsevier}
}

@Article{selman1971,
  Title                    = {The relation of role taking to the development of moral judgment in children},
  Author                   = {R Selman},
  Journal                  = {Child Development},
  Year                     = {1971},
  Number                   = {1},
  Pages                    = {79 - 91},
  Volume                   = {42}
}

@InProceedings{shah2011improved,
  Title                    = {{Improved human-robot team performance using chaski, a human-inspired plan execution system}},
  Author                   = {Shah, Julie and Wiken, James and Williams, Brian and Breazeal, Cynthia},
  Booktitle                = {{Proceedings of the 6th international conference on Human-robot interaction}},
  Year                     = {2011},
  Organization             = {ACM},
  Pages                    = {29--36},

  Owner                    = {mfiore},
  Timestamp                = {2016.05.03}
}

@Article{Sidner2005,
  Title                    = {{Explorations in Engagement for Humans and Robots}},
  Author                   = {Sidner, C. L. and Lee, C. and Kidd, C. and Lesh, N. and Rich, C.},
  Journal                  = {Artificial Intelligence},
  Year                     = {2005},
  Number                   = {1-2},
  Pages                    = {140--164},
  Volume                   = {166}
}

@InProceedings{singla2011abductive,
  Title                    = {Abductive Markov Logic for Plan Recognition.},
  Author                   = {Singla, Parag and Mooney, Raymond J},
  Booktitle                = {AAAI},
  Year                     = {2011},

  Owner                    = {mfiore},
  Timestamp                = {2016.05.03}
}

@InProceedings{Sisbot2008,
  Title                    = {{Supervision and Motion Planning for a Mobile Manipulator Interacting with Humans}},
  Author                   = {Sisbot, E. A. and Clodic, A. and Alami, R. and Ransan, M.},
  Booktitle                = {Human-Robot Interaction (HRI), 2008 3rd ACM/IEEE International Conference on},
  Year                     = {2008},

  Journal                  = {ACM/IEEE International Conference on Human-Robot Interaction (HRI 2008)},
  Owner                    = {mfiore},
  Timestamp                = {2016.05.03}
}

@Article{Sisbot2007,
  Title                    = {{A Human Aware Mobile Robot Motion Planner}},
  Author                   = {Sisbot, E.A. and Marin-Urias, L.F. and Alami, R. and Simeon, T.},
  Journal                  = {IEEE Transactions on Robotics},
  Year                     = {2007},
  Number                   = {5},
  Pages                    = {874--883},
  Volume                   = {23},

  Owner                    = {mfiore},
  Timestamp                = {2016.05.03}
}

@Article{sisbotTRO2007,
  Title                    = {A Human Aware Mobile Robot Motion Planner},
  Author                   = {Sisbot, E.A. and Marin-Urias, L.F. and Alami, R. and Simeon, T.},
  Journal                  = {Robotics, IEEE Transactions on},
  Year                     = {2007},

  Month                    = {Oct},
  Number                   = {5},
  Pages                    = {874-883},
  Volume                   = {23},

  Owner                    = {mfiore},
  Timestamp                = {2016.05.03}
}

@InProceedings{Sisbot2011,
  Title                    = {{Situation Assessment for Human-Robot Interaction}},
  Author                   = {Sisbot, E.A. and Ros, R. and Alami, R.},
  Booktitle                = {{20th IEEE International Symposium in Robot and Human Interactive Communication}},
  Year                     = {2011},

  Owner                    = {mfiore},
  Timestamp                = {2016.05.03}
}

@Article{Skubic2004,
  Title                    = {{Spatial language for human-robot dialogs}},
  Author                   = {Skubic, M. and Perzanowski, D. and Blisard, S. and Schultz, A. and Adams, W. and Bugajska, M. and Brock, D.},
  Journal                  = {IEEE Transactions on Systems, Man, and Cybernetics, Part C: Applications and Reviews},
  Year                     = {2004},
  Number                   = {2},
  Pages                    = {154--167},
  Volume                   = {34},

  Owner                    = {mfiore},
  Timestamp                = {2016.05.03}
}

@InProceedings{Sorce2015,
  Title                    = {Proof of Concept for a User-Centered System for Sharing Cooperative Plan Knowledge Over Extended Periods and Crew Changes in Space-Flight Operations},
  Author                   = {Sorce, M. and others},
  Booktitle                = {IEEE RO-MAN},
  Year                     = {2015},

  Owner                    = {theworld},
  Timestamp                = {2016.05.06}
}

@Article{strabala2013towards,
  Title                    = {{Towards seamless human-robot handovers}},
  Author                   = {Strabala, Kyle Wayne and Lee, Min Kyung and Dragan, Anca Diana and Forlizzi, Jodi Lee and Srinivasa, Siddhartha and Cakmak, Maya and Micelli, Vincenzo},
  Journal                  = {Journal of Human-Robot Interaction},
  Year                     = {2013},
  Number                   = {1},
  Pages                    = {112--132},
  Volume                   = {2},

  Owner                    = {mfiore},
  Timestamp                = {2016.05.03}
}

@Article{stuss2001frontal,
  Title                    = {The frontal lobes are necessary for theory of mind'},
  Author                   = {Stuss, Donald T and Gallup, Gordon G and Alexander, Michael P},
  Journal                  = {Brain},
  Year                     = {2001},
  Number                   = {2},
  Pages                    = {279--286},
  Volume                   = {124},

  Owner                    = {mfiore},
  Publisher                = {Oxford Univ Press},
  Timestamp                = {2016.05.03}
}

@InProceedings{talamadupula2014coordination,
  Title                    = {Coordination in human-robot teams using mental modeling and plan recognition},
  Author                   = {Talamadupula, Kartik and Briggs, Gordon and Chakraborti, Tathagata and Scheutz, Matthias and Kambhampati, Subbarao},
  Booktitle                = {Intelligent Robots and Systems (IROS 2014), 2014 IEEE/RSJ International Conference on},
  Year                     = {2014},
  Organization             = {IEEE},
  Pages                    = {2957--2962},

  Owner                    = {mfiore},
  Timestamp                = {2016.05.03}
}

@Article{Tambe2005a,
  Title                    = {{Towards Flexible Teamwork}},
  Author                   = {Tambe, M.},
  Journal                  = {JAIR},
  Year                     = {1997},
  Pages                    = {83--124},
  Volume                   = {7},

  Owner                    = {mfiore},
  Timestamp                = {2016.05.03}
}

@PhdThesis{Tellex10,
  Title                    = {{Natural Language and Spatial Reasoning}},
  Author                   = {Tellex, S.},
  School                   = {MIT},
  Year                     = {2010},

  Owner                    = {mfiore},
  Timestamp                = {2016.05.03}
}

@Article{thrun2000probabilistic,
  Title                    = {Probabilistic algorithms and the interactive museum tour-guide robot minerva},
  Author                   = {Thrun, Sebastian and Beetz, Michael and Bennewitz, Maren and Burgard, Wolfram and Cremers, Armin B and Dellaert, Frank and Fox, Dieter and Haehnel, Dirk and Rosenberg, Chuck and Roy, Nicholas and others},
  Journal                  = {The International Journal of Robotics Research},
  Year                     = {2000},
  Number                   = {11},
  Pages                    = {972--999},
  Volume                   = {19},

  Owner                    = {mfiore},
  Publisher                = {SAGE Publications},
  Timestamp                = {2016.05.03}
}

@Article{tomasello2005,
  Title                    = {Understanding and sharing intentions: The origins of cultural cognition},
  Author                   = {Tomasello,M. and Carpenter,M. and Call,J. and Behne,T. and Moll,H.},
  Journal                  = {Behavioral and Brain Sciences},
  Year                     = {2005},

  Month                    = {10},
  Pages                    = {675--691},
  Volume                   = {28},

  Doi                      = {10.1017/S0140525X05000129},
  ISSN                     = {1469-1825},
  Issue                    = {05},
  Numpages                 = {17},
  Owner                    = {mfiore},
  Timestamp                = {2016.05.03},
  Url                      = {http://journals.cambridge.org/article\_S0140525X05000129}
}

@Article{torreno2015approach,
  Title                    = {An approach to multi-agent planning with incomplete information},
  Author                   = {Torre{\~n}o, Alejandro and Onaindia, Eva and Sapena, {\'O}scar},
  Journal                  = {arXiv preprint arXiv:1501.07256},
  Year                     = {2015},

  Owner                    = {theworld},
  Timestamp                = {2016.05.05}
}

@InProceedings{torrey2013robot,
  Title                    = {{How a robot should give advice}},
  Author                   = {Torrey, Cristen and Fussell, Susan R and Kiesler, Sara},
  Booktitle                = {{Human-Robot Interaction (HRI), 2013 8th ACM/IEEE International Conference on}},
  Year                     = {2013},
  Organization             = {IEEE},
  Pages                    = {275--282},

  Owner                    = {mfiore},
  Timestamp                = {2016.05.03}
}

@Article{trafton2013act,
  Title                    = {{ACT-R/E: An Embodied Cognitive Architecture for Human-Robot Interaction}},
  Author                   = {Trafton, Greg and Hiatt, Laura and Harrison, Anthony and Tamborello, Frank and Khemlani, Sangeet and Schultz, Alan},
  Journal                  = {Journal of Human-Robot Interaction},
  Year                     = {2013},
  Number                   = {1},
  Pages                    = {30--55},
  Volume                   = {2}
}

@Article{Trafton2005,
  Title                    = {{Enabling Effective Human-robot Interaction Using Perspective-taking in Robots}},
  Author                   = {Trafton, J. and Cassimatis, N. and Bugajska, M. and Brock, D. and Mintz, F. and Schultz, A.},
  Journal                  = {IEEE Transactions on Systems, Man, and Cybernetics},
  Year                     = {2005},
  Pages                    = {460--470},
  Volume                   = {Part A}
}

@Article{triebel2015spencer,
  Title                    = {SPENCER: A socially aware service robot for passenger guidance and help in busy airports},
  Author                   = {Triebel, Rudolph and Arras, KO and Alami, Rachid and Beyer, Lucas and Breuers, Stefan and Chatila, Raja and Chetouani, Mohamed and Cremers, Daniel and Evers, Vanessa and Fiore, Michelangelo and others},
  Journal                  = {10th Conference on Field and Service Robotics, FSR.},
  Year                     = {2015},

  Owner                    = {theworld},
  Publisher                = {University of Toronto},
  Timestamp                = {2016.05.16}
}

@Article{Tversky1999,
  Title                    = {{Why do speakers mix perspectives?}},
  Author                   = {Tversky, B. and Lee, P. and Mainwaring, S.},
  Journal                  = {Spatial Cognition and Computation},
  Year                     = {1999},
  Number                   = {4},
  Pages                    = {399--412},
  Volume                   = {1},

  Publisher                = {Kluwer Academic Publishers}
}

@InProceedings{unhelkar2014comparative,
  Title                    = {{Comparative performance of human and mobile robotic assistants in collaborative fetch-and-deliver tasks}},
  Author                   = {Unhelkar, Vaibhav V and Siu, Ho Chit and Shah, Julie A},
  Booktitle                = {{Proceedings of the 2014 ACM/IEEE international conference on Human-robot interaction}},
  Year                     = {2014},
  Organization             = {ACM},
  Pages                    = {82--89},

  Owner                    = {mfiore},
  Timestamp                = {2016.05.03}
}

@InProceedings{Warnier2012a,
  Title                    = {When the robot puts itself in your shoes. {E}xplicit geometric management of position beliefs.},
  Author                   = {Mathieu Warnier and Julien Guitton and Séverin Lemaignan and Rachid Alami},
  Booktitle                = {ISRHIC},
  Year                     = {2012}
}

@InProceedings{warnier2012when,
  Title                    = {When the Robot Puts Itself in Your Shoes. Managing and Exploiting Human and Robot Beliefs},
  Author                   = {Warnier, M. and Guitton, J. and Lemaignan, S. and Alami, R.},
  Booktitle                = {Proceedings of the 21th IEEE International Symposium in Robot and Human Interactive Communication},
  Year                     = {2012}
}

@Article{Wimmer1983,
  Title                    = {Beliefs about beliefs: Representation and constraining function of wrong beliefs in young children's understanding of deception},
  Author                   = {Heinz Wimmer and Josef Perner},
  Journal                  = {Cognition},
  Year                     = {1983},
  Number                   = {1},
  Pages                    = {103 - 128},
  Volume                   = {13}
}

@InCollection{yousuf2012development,
  Title                    = {Development of a mobile museum guide robot that can configure spatial formation with visitors},
  Author                   = {Yousuf, Mohammad Abu and Kobayashi, Yoshinori and Kuno, Yoshinori and Yamazaki, Akiko and Yamazaki, Keiichi},
  Booktitle                = {Intelligent Computing Technology},
  Publisher                = {Springer},
  Year                     = {2012},
  Pages                    = {423--432},

  Owner                    = {mfiore},
  Timestamp                = {2016.05.03}
}

@comment{jabref-meta: groupsversion:3;}

@comment{jabref-meta: groupstree:
0 AllEntriesGroup:;
1 ExplicitGroup:planning\;0\;2012Mausam\;Alili2008\;alili2009planning\
;araya2010closer\;;
1 ExplicitGroup:situation_assessment\;0\;;
2 ExplicitGroup:activity_recognition\;0\;baker2009action\;baker2014mod
eling\;;
1 ExplicitGroup:theoretical\;0\;abowd1999towards\;;
1 ExplicitGroup:intentions\;0\;;
1 ExplicitGroup:plan_management\;0\;alili2009planning\;;
1 ExplicitGroup:architecture\;0\;Alami1998\;;
1 ExplicitGroup:other\;0\;ARToolkit\;Althaus2004\;;
}

