@article{devin2016some,
  title={Some essential skills and their combination in an architecture for a cognitive and interactive robot},
  author={Devin, Sandra and Milliez, Gr{\'e}goire and Fiore, Michelangelo and Clodic, Aur{\'e}lie and Alami, Rachid},
  journal={arXiv preprint arXiv:1603.00583},
  year={2016}