
@article{premack1978does,
  title={Does the chimpanzee have a theory of mind?},
  author={Premack, David and Woodruff, Guy},
  journal={Behavioral and brain sciences},
  volume={1},
  number={04},
  pages={515--526},
  year={1978},
  publisher={Cambridge Univ Press}
}



@article{byom2013theory,
  title={Theory of mind: mechanisms, methods, and new directions},
  author={Byom, Lindsey J and Mutlu, Bilge},
  journal={Frontiers in human neuroscience},
  volume={7},
  year={2013},
  publisher={Frontiers Media SA}
}



@inproceedings{abowd1999towards,
  title={Towards a better understanding of context and context-awareness},
  author={Abowd, Gregory D and Dey, Anind K and Brown, Peter J and Davies, Nigel and Smith, Mark and Steggles, Pete},
  booktitle={Handheld and ubiquitous computing},
  pages={304--307},
  year={1999},
  organization={Springer}
}


@article{stuss2001frontal,
  title={The frontal lobes are necessary for theory of mind'},
  author={Stuss, Donald T and Gallup, Gordon G and Alexander, Michael P},
  journal={Brain},
  volume={124},
  number={2},
  pages={279--286},
  year={2001},
  publisher={Oxford Univ Press}
}


@article{frick2014picturing,
  title={Picturing perspectives: development of perspective-taking abilities in 4-to 8-year-olds},
  author={Frick, Andrea and M{\"o}hring, Wenke and Newcombe, Nora S},
  journal={Frontiers in psychology},
  volume={5},
  year={2014},
  publisher={Frontiers Media SA}
}




@article{Call1998,
author = "Call J, Tomasello M",
title = "Distinguishing intentional from accidental actions in orangutans (Pongo pygmaeus), chimpanzees (Pan troglodytes) and human children (Homo sapiens).",
journal = "Journal of Comparative Psychology",
volume = "112",
number = "2",
pages = "192 - 206",
year = "1998",
}



@article{Bruner1981,
title = "Intention in the structure of action and interaction.",
journal = "Advances in Infancy Research",
volume = "1",
pages = "41 - 56",
year = "1981",
author = " Jerome S. Bruner"
}



@article{Brunet2000,
title = "A \{PET\} Investigation of the Attribution of Intentions with a Nonverbal Task ",
journal = "NeuroImage ",
volume = "11",
number = "2",
pages = "157 - 166",
year = "2000",
note = "",
issn = "1053-8119",
doi = "http://dx.doi.org/10.1006/nimg.1999.0525",
url = "http://www.sciencedirect.com/science/article/pii/S1053811999905256",
author = "Eric Brunet and Yves Sarfati and Marie-Christine Hardy-Baylé and Jean Decety",
}




@article{Blakemore2001,
title = "From the perception of action to the understanding of intention",
journal = "Nature Reviews Neuroscience 2, 561-567 (August 2001",
volume = "2",
pages = "561 - 567",
year = "2001",
note = "",
issn = "1471-003X",
doi = "http://dx.doi.org/10.1038/35086023",
url = "http://www.nature.com/nrn/journal/v2/n8/suppinfo/nrn0801_561a_S1.html",
author = "Sarah-Jayne Blakemore and Jean Decety",
}

@article{Happé1993,
title = "Communicative competence and theory of mind in autism: A test of relevance theory ",
journal = "Cognition ",
volume = "48",
number = "2",
pages = "101 - 119",
year = "1993",
note = "",
issn = "0010-0277",
doi = "http://dx.doi.org/10.1016/0010-0277(93)90026-R",
url = "http://www.sciencedirect.com/science/article/pii/001002779390026R",
author = "Francesca G.E. Happé"
}

@article{Bratman1984,
title = "Two Faces of Intention",
journal = "Philosophical Review",
volume = "93",
pages = "375 - 405",
year = "1984",
author = " Michael Bratman"
}


@article{Cohen1991,
	author = "Cohen, P. R. and Levesque, H. J.",
	journal = "Nous",
	pages = "487--512",
	title = "{Teamwork}",
	volume = "25(4)",
	year = "1991"
}

@inbook{Flavell1992,
	author = "Flavell, J.",
	pages = "107--139",
	publisher = "L. Erlbaum Associates",
	title = "{Perspectives on Perspective Taking}",
	year = "1992"
}


@article{Tversky1999,
	author = "Tversky, B. and Lee, P. and Mainwaring, S.",
	journal = "Spatial Cognition and Computation",
	number = "4",
	pages = "399--412",
	publisher = "Kluwer Academic Publishers",
	title = "{Why do speakers mix perspectives?}",
	volume = "1",
	year = "1999"
}

@article{sebanz2006joint,
	author = "Sebanz, Natalie and Bekkering, Harold and Knoblich, G{\"u}nther",
	journal = "Trends in cognitive sciences",
	number = "2",
	pages = "70--76",
	publisher = "Elsevier",
	title = "{Joint action: bodies and minds moving together}",
	volume = "10",
	year = "2006"
}



@article{bratman2009shared,
	author = "Bratman and Michael, E",
	journal = "Philosophy of the social sciences: philosophical theory and scientific practice",
	pages = "41--59",
	title = "{Shared agency}",
	year = "2009"
}



@article{Baron1985,
title = "Does the autistic child have a 'theory of mind'?",
journal = "Cognition",
volume = "21",
number = "1",
pages = "37 - 46",
year = "1985",
author = " Baron-Cohen S, Leslie AM, Frith U"
}



@article{Wimmer1983,
title = "Beliefs about beliefs: Representation and constraining function of wrong beliefs in young children's understanding of deception",
journal = "Cognition",
volume = "13",
number = "1",
pages = "103 - 128",
year = "1983",
author = "Heinz Wimmer and Josef Perner"
}

@article{selman1971,
title = "The relation of role taking to the development of moral judgment in children",
journal = "Child Development",
volume = "42",
number = "1",
pages = "79 - 91",
year = "1971",
author = "R Selman"
}



@book{dennett1989intentional,
  title={The intentional stance},
  author={Dennett, Daniel Clement},
  year={1989},
  publisher={MIT press}
}
