@article{baker2014modeling,
  title={Modeling human plan recognition using Bayesian theory of mind},
  author={Baker, Chris L and Tenenbaum, Joshua B},
  journal={Plan, activity, and intent recognition: Theory and practice},
  pages={177--204},
  year={2014}
}

@inproceedings{ramirez2009plan,
  title={Plan recognition as planning},
  author={Ram{\i}rez, Miquel and Geffner, Hector},
  booktitle={Proceedings of the 21st international joint conference on Artifical intelligence. Morgan Kaufmann Publishers Inc},
  pages={1778--1783},
  year={2009},
  organization={Citeseer}
}
@inproceedings{ramirez2010probabilistic,
  title={Probabilistic plan recognition using off-the-shelf classical planners},
  author={Ram{\i}rez, Miquel and Geffner, Hector},
  booktitle={Proceedings of the Conference of the Association for the Advancement of Artificial Intelligence (AAAI 2010)},
  year={2010},
  organization={Citeseer}
}

@inproceedings{bui2003general,
  title={A general model for online probabilistic plan recognition},
  author={Bui, Hung Hai},
  booktitle={IJCAI},
  volume={3},
  pages={1309--1315},
  year={2003},
  organization={Citeseer}
}


@inproceedings{levine2014concurrent,
  title={Concurrent plan recognition and execution for human-robot teams},
  author={Levine, Steven James and Williams, Brian Charles},
  booktitle={Proceedings of the Twenty-fourth International Conference on Automated Planning and Scheduling (ICAPS-14)},
  year={2014}
}

@article{baker2009action,
  title={Action understanding as inverse planning},
  author={Baker, Chris L and Saxe, Rebecca and Tenenbaum, Joshua B},
  journal={Cognition},
  volume={113},
  number={3},
  pages={329--349},
  year={2009},
  publisher={Elsevier}
}


@inproceedings{singla2011abductive,
  title={Abductive Markov Logic for Plan Recognition.},
  author={Singla, Parag and Mooney, Raymond J},
  booktitle={AAAI},
  year={2011}
}


@inproceedings{ng2000algorithms,
  title={Algorithms for inverse reinforcement learning.},
  author={Ng, Andrew Y and Russell, Stuart J and others},
  booktitle={Icml},
  pages={663--670},
  year={2000}
}

@inproceedings{talamadupula2014coordination,
  title={Coordination in human-robot teams using mental modeling and plan recognition},
  author={Talamadupula, Kartik and Briggs, Gordon and Chakraborti, Tathagata and Scheutz, Matthias and Kambhampati, Subbarao},
  booktitle={Intelligent Robots and Systems (IROS 2014), 2014 IEEE/RSJ International Conference on},
  pages={2957--2962},
  year={2014},
  organization={IEEE}
}


@INPROCEEDINGS{Koppula2013,
    author = {Koppula, H.S. and Saxena, A.},
    title = {Anticipating human activities using object affordances for reactive robotic response},
    booktitle = {In RSS},
    year = {2013}
}

@INPROCEEDINGS{Magnanimo2014,
author={Magnanimo, V. and Saveriano, M. and Rossi, S. and Dongheui Lee},
booktitle={Robot and Human Interactive Communication, 2014 RO-MAN: The 23rd IEEE International Symposium on},
title={A Bayesian approach for task recognition and future human activity prediction},
year={2014},
month={Aug},
pages={726-731},
doi={10.1109/ROMAN.2014.6926339},}


@INPROCEEDINGS{Liu2014,
author={Rui Liu and Xiaoli Zhang and Songpo Li},
booktitle={Mechatronics and Automation (ICMA), 2014 IEEE International Conference on},
title={Use context to understand user's implicit intentions in Activities of Daily Living},
year={2014},
month={Aug},
pages={1214-1219},
doi={10.1109/ICMA.2014.6885872},}

@incollection{Krauthausen2010,
year={2010},
isbn={978-3-642-16110-0},
booktitle={KI 2010: Advances in Artificial Intelligence},
volume={6359},
series={Lecture Notes in Computer Science},
editor={Dillmann, Rüdiger and Beyerer, Jürgen and Hanebeck, UweD. and Schultz, Tanja},
doi={10.1007/978-3-642-16111-7_48},
title={Situation-Specific Intention Recognition for Human-Robot Cooperation},
publisher={Springer Berlin Heidelberg},
author={Krauthausen, Peter and Hanebeck, UweD.},
pages={418-425},
language={English}
}

@article{Favela2007,
year={2007},
issn={1383-469X},
journal={Mobile Networks and Applications},
volume={12},
number={2-3},
doi={10.1007/s11036-007-0013-5},
title={Activity Recognition for Context-aware Hospital Applications: Issues and Opportunities for the Deployment of Pervasive Networks},
url={http://dx.doi.org/10.1007/s11036-007-0013-5},
publisher={Springer US},
keywords={activity estimation; context-aware computing; hospital activities; neural networks},
author={Favela, Jesus and Tentori, Monica and Castro, LuisA. and Gonzalez, VictorM. and Moran, ElisaB. and Martínez-García, AnaI.},
pages={155-171},
language={English}
}



@inproceedings{karami2010human,
	author = "Karami, A-B and Jeanpierre, Laurent and Mouaddib, A-I",
	booktitle = "{Human-Robot Interaction (HRI), 2010 5th ACM/IEEE International Conference on}",
	organization = "IEEE",
	pages = "155--156",
	title = "{Human-robot collaboration for a shared mission}",
	year = "2010"
}



@article{demiris2007prediction,
	author = "Demiris, Yiannis",
	journal = "Cognitive processing",
	number = "3",
	pages = "151--158",
	publisher = "Springer",
	title = "{Prediction of intent in robotics and multi-agent systems}",
	volume = "8",
	year = "2007"
}

@article{demiris2003distributed,
	author = "Demiris*, Yiannis and Johnson†, Matthew",
	journal = "Connection Science",
	number = "4",
	pages = "231--243",
	publisher = "Taylor \& Francis",
	title = "{Distributed, predictive perception of actions: a biologically inspired robotics architecture for imitation and learning}",
	volume = "15",
	year = "2003"
}


@article{demiris2006hierarchical,
	author = "Demiris, Yiannis and Khadhouri, Bassam",
	journal = "Robotics and autonomous systems",
	number = "5",
	pages = "361--369",
	publisher = "Elsevier",
	title = "{Hierarchical attentive multiple models for execution and recognition of actions}",
	volume = "54",
	year = "2006"
}


@article{koppula2013anticipating,
	author = "Koppula, Hema S and Saxena, Ashutosh",
	journal = "Robotics: Science and Systems, Berlin",
	title = "{Anticipating human activities using object affordances for reactive robotic response}",
	year = "2013"
}

@inproceedings{gmytrasiewicz2004interactive,
  title={Interactive pomdps: Properties and preliminary results},
  author={Gmytrasiewicz, Piotr J and Doshi, Prashant},
  booktitle={Proceedings of the Third International Joint Conference on Autonomous Agents and Multiagent Systems-Volume 3},
  pages={1374--1375},
  year={2004},
  organization={IEEE Computer Society}
}

@article{doshi2009monte,
  title={Monte Carlo sampling methods for approximating interactive POMDPs},
  author={Doshi, Prashant and Gmytrasiewicz, Piotr J},
  journal={Journal of Artificial Intelligence Research},
  pages={297--337},
  year={2009}
}


@inproceedings{hoang2013interactive,
  title={Interactive POMDP Lite: Towards practical planning to predict and exploit intentions for interacting with self-interested agents},
  author={Hoang, Trong Nghia and Low, Kian Hsiang},
  booktitle={Proceedings of the Twenty-Third international joint conference on Artificial Intelligence},
  pages={2298--2305},
  year={2013},
  organization={AAAI Press}
}